@article{kopka1995guide,
    title={A Guide to $\{$$\backslash$LaTeX$\}$--Document},
    author={Kopka, H and Daly, PW},
    year={1995},
    publisher={Citeseer}
}

@inproceedings{10.1145/1600150.1600153,
 author = {Ho, Chien-Ju and Chang, Tao-Hsuan and Lee, Jong-Chuan and Hsu, Jane Yung-jen and Chen, Kuan-Ta},
 title = {KissKissBan: A Competitive Human Computation Game for Image Annotation},
 year = {2009},
 isbn = {9781605586724},
 publisher = {Association for Computing Machinery},
 address = {New York, NY, USA},
 url = {https://doi.org/10.1145/1600150.1600153},
 doi = {10.1145/1600150.1600153},
 booktitle = {Proceedings of the ACM SIGKDD Workshop on Human Computation},
 pages = {11–14},
 numpages = {4},
 keywords = {games with a purpose, image annotation, ESP game, human computation, Amazon Mechanical Turk},
 location = {Paris, France},
 series = {HCOMP ’09}
}

@ARTICLE{8566148,
author={J. {Phuttharak} and S. W. {Loke}},
journal={IEEE Access},
title={A Review of Mobile Crowdsourcing Architectures and Challenges: Toward Crowd-Empowered Internet-of-Things},
year={2019},
volume={7},
number={},
pages={304-324},
keywords={Crowdsourcing;Task analysis;Mobile handsets;Computer architecture;Intelligent sensors;Data mining;System architecture;application;mobility;mobile crowdsourcing;Internet-of-Things;smart things},
doi={10.1109/ACCESS.2018.2885353},
ISSN={2169-3536},
month={},}